<record><leader>00000cas a22000007a 4500</leader><controlfield tag="001">13711708</controlfield><controlfield tag="008">860610d18291834vauwr ne      0    0eng  </controlfield><controlfield tag="009">466</controlfield><datafield ind1=" " ind2=" " tag="010"><subfield code="a">sn 86071589 </subfield></datafield><datafield ind1=" " ind2=" " tag="040"><subfield code="a">DLC</subfield><subfield code="b">eng</subfield><subfield code="c">DLC</subfield><subfield code="d">WVC</subfield><subfield code="d">CNK</subfield></datafield><datafield ind1="1" ind2=" " tag="029"><subfield code="a">AU@</subfield><subfield code="b">000025787739</subfield></datafield><datafield ind1=" " ind2=" " tag="042"><subfield code="a">msc</subfield></datafield><datafield ind1="0" ind2="0" tag="050"><subfield code="a">Newspaper 10028-X</subfield></datafield><datafield ind1="0" ind2=" " tag="130"><subfield code="a">Virginia patriot (Fincastle, Va.)</subfield></datafield><datafield ind1="0" ind2="0" tag="245"><subfield code="a">Virginia patriot.</subfield></datafield><datafield ind1=" " ind2=" " tag="260"><subfield code="a">Fincastle, Va. :</subfield><subfield code="b">[s.n.],</subfield><subfield code="c">1829-</subfield></datafield><datafield ind1=" " ind2=" " tag="300"><subfield code="a">v. ;</subfield><subfield code="c">54 cm.</subfield></datafield><datafield ind1=" " ind2=" " tag="310"><subfield code="a">Weekly</subfield></datafield><datafield ind1="0" ind2=" " tag="362"><subfield code="a">Vol. 1, no. 1 (Dec. 26, 1829)-</subfield></datafield><datafield ind1="1" ind2=" " tag="362"><subfield code="a">Ceased in 1834.</subfield><subfield code="z">Cf. Gregory, W.  Amer. newspapers.</subfield></datafield><datafield ind1=" " ind2=" " tag="500"><subfield code="a">Editor's column in the first issue and Propectus for the paper indicate that new owner was a "foreigner" to the region.</subfield></datafield><datafield ind1=" " ind2=" " tag="752"><subfield code="a">United States</subfield><subfield code="b">Virginia</subfield><subfield code="c">Botetourt</subfield><subfield code="d">Fincastle.</subfield></datafield><datafield ind1="0" ind2="0" tag="780"><subfield code="t">Mirror (Fincastle, Va.)</subfield><subfield code="w">(DLC)sn 86071588</subfield></datafield><datafield ind1="0" ind2="0" tag="785"><subfield code="t">Fincastle Democrat</subfield><subfield code="w">(DLC)sn 85025105</subfield></datafield></record>